@misc{2021NianDuGuoJiaLaoLingShiYeFaZhanGongBao,
  title = {2021年度国家老龄事业发展公报},
  urldate = {2023-12-05},
  howpublished = {http://www.nhc.gov.cn/cms-search/xxgk/getManuscriptXxgk.htm?id=e09f046ab8f14967b19c3cb5c1d934b5},
  file = {D:\论文\Zotero同步\storage\IIKGE67K\getManuscriptXxgk.html}
}
