@misc{2021NianDuGuoJiaLaoLingShiYeFaZhanGongBao,
  title = {2021年度国家老龄事业发展公报},
  urldate = {2023-12-05},
  howpublished = {http://www.nhc.gov.cn/cms-search/xxgk/getManuscriptXxgk.htm?id=e09f046ab8f14967b19c3cb5c1d934b5},
  file = {D:\论文\Zotero同步\storage\IIKGE67K\getManuscriptXxgk.html}
}

@misc{LiuYangZhongGongZhongYangGuoWuYuanYinFaJianKangZhongGuo2030,
  title = {中共中央 国务院印发《``健康中国2030''规划纲要》\_中央有关文件\_中国政府网},
  author = {刘杨},
  urldate = {2023-12-16},
  abstract = {近日，中共中央、国务院印发了《``健康中国2030''规划纲要》，并发出通知，要求各地区各部门结合实际认真贯彻落实。},
  howpublished = {https://www.gov.cn/zhengce/2016-10/25/content\_5124174.htm},
  file = {D:\论文\Zotero同步\storage\K2AIRY3K\content_5124174.html}
}

@article{malcolmExperimentalStudyRole2009,
  title = {Experimental Study on the Role of the Ankle Push off in the Walk-to-Run Transition by Means of a Powered Ankle-Foot-Exoskeleton},
  author = {Malcolm, P. and Fiers, P. and Segers, V. and Van Caekenberghe, I. and Lenoir, M. and De Clercq, D.},
  year = {2009},
  month = oct,
  journal = {Gait \& Posture},
  volume = {30},
  number = {3},
  pages = {322--327},
  issn = {09666362},
  doi = {10.1016/j.gaitpost.2009.06.002},
  urldate = {2023-12-16},
  abstract = {The goal of this study was to analyse the role of the plantarflexor muscles in the walk-to-run transition (WRT) by means of a powered ankle-foot-exoskeleton. 11 female subjects performed several WRT's on an accelerating treadmill while their plantarflexors were assisted or resisted during push off. The WRT speed was lower in the resist condition than in the control condition which reinforces hypotheses from previous simulations, descriptive and experimental studies. There was no increase in WRT speed in the assist condition which is in contrast to another study where the plantarflexor push off was assisted indirectly by a horizontal traction at waist level. The lack of effect from the assist condition in the present study is possibly due to the narrowly focused nature of the experimental manipulation.},
  langid = {english},
  file = {D:\论文\Zotero同步\storage\AECMH6AY\Malcolm 等 - 2009 - Experimental study on the role of the ankle push o.pdf}
}

@book{YangZhongGuoYangLaoFuWuLanPiShu201220212022,
  title = {中国养老服务蓝皮书(2012{\textemdash}2021)},
  author = {杨, 燕绥},
  year = {2022},
  month = feb,
  publisher = {{中国老年学和老年医学学会老龄金融分会}},
  address = {{北京}}
}

@article{yanReviewAssistiveStrategies2015,
  title = {Review of Assistive Strategies in Powered Lower-Limb Orthoses and Exoskeletons},
  author = {Yan, Tingfang and Cempini, Marco and Oddo, Calogero Maria and Vitiello, Nicola},
  year = {2015},
  month = feb,
  journal = {Robotics and Autonomous Systems},
  volume = {64},
  pages = {120--136},
  issn = {09218890},
  doi = {10.1016/j.robot.2014.09.032},
  urldate = {2023-05-11},
  abstract = {Starting from the early research in the 1960s, especially in the last two decades, orthoses and exoskeletons have been significantly developed. They are designed in different architectures to assist their users' movements. The research literature has been more prolific on lower-limb devices: a main reason is that they address a basic but fundamental motion task, walking. Leg exoskeletons are simpler to design, compared to upper-limb counterparts, but still have particular cognitive and physical requirements from the emerging human{\textendash}robot interaction systems. In the state of the art, different control strategies and approaches can be easily found: it is still a challenge to develop an assistive strategy which makes the exoskeleton supply efficient and natural assistance. So, this paper aims to provide a systematic overview of the assistive strategies utilized by active locomotion{\textendash}augmentation orthoses and exoskeletons. Based on the literature collected from Web of Science and Scopus, we have studied the main robotic devices with a focus on the way they are controlled to deliver assistance; the relevant validations are as well investigated, in particular experimentations with human in the loop. Finally current trends and major challenges in the development of an assistive strategy are concluded and discussed.},
  langid = {english},
  file = {D:\论文\Zotero同步\storage\I8PGN9PB\Yan 等 - 2015 - Review of assistive strategies in powered lower-li.pdf}
}

@article{YouHumanmachineSharedAutonomy2022,
  title = {{Human-machine shared autonomy approach for non-full-time effective human decisions}},
  author = {游, 诗艺 and 康, 宇 and 赵, 云波 and 张, 倩倩},
  year = {2022},
  month = dec,
  journal = {SCIENTIA SINICA Informationis},
  volume = {52},
  number = {12},
  pages = {2165},
  issn = {1674-7267},
  doi = {10.1360/SSI-2022-0225},
  urldate = {2023-12-16},
  langid = {chinese},
  file = {D:\论文\Zotero同步\storage\Q6GSCZI4\游 等 - 2022 - Human-machine shared autonomy approach for non-ful.pdf}
}

@phdthesis{ZhangMianXiangRenJiXuGuanJueCeDeHunHeZhiNengFangFaYanJiu2021,
  type = {{博士}},
  title = {{面向人机序贯决策的混合智能方法研究}},
  author = {张, 倩倩},
  year = {2021},
  abstract = {随着人工智能技术的发展,机器智能得到不断的提高,随之而来的则是机器智能得以在各行各业应用发展。在此进程中,不可避免的会遇到机器自主性不足以解决本身该由人类解决或者人类必须参与决策的情况,考虑此种场景下人类智能和机器智能共同作用的决策问题则显得尤为重要和有意义。更具体地,序贯决策问题作为一类具有时序性和多阶段性的动态决策问题,其发展与当下人工智能时代下的工程应用、生产生活等领域息息相关。人的作用体现在序贯决策问题的两方面,一则,人本身属于序贯决策问题模型中的一部分,即该类问题是离不开人的如微创外科手术等;二则,人的相关信息不体现在序贯决策问题模型中,而是因人独特的认知能力使得其可以出现在问题的求解办法中,达到改善问题求解的目的如人对机器搜救系统的引导等,本文将上述两种场景统称为``人机序贯决策问题。针对人机序贯决策问题,由于人类智能和机器智能本质上的区别,数学表达上的巨大差异,使得人和机器共同作用于问题求解时,不可避免的因为协调原因造成决策质量不高甚至决策失误的现象。然而直接应用传统人机系统的控制算法不能有效处理这些问题,从而引起机器代理失效,人力浪费,甚至还会造成决策系统性能恶化甚至崩溃。因此,亟需设计有效的人机混合智能算法来解决这些问题。本文以人机序贯决策问题为研究对象,围绕人机混合智能控制中的决策权限划分、介入控制触发切换时机和共享控制混合人机决策动作程度三个问题展开研究,旨在提出有效的人机混合智能算法来改善提升人机序贯决策问题的求解。本文的研究工作主要包括以下几个方面:1.提出了基于强化学习方法的人机混合智能控制框架。通过将机器代理的决策和人类的决策以可信性和安全性为评价指标进行仲裁选择,以确定更优的待执行决策动作。同时考虑了基于模型的强化学习子系统和基于无模型的强化学习子系统,为适应广泛的序贯决策应用场景提供了更多可能。2.针对人机序贯决策中的介入控制问题,提出了自主性及自主性边界的概念,通过将自主性边界的求解形式化为与任务目标相关的常规优化问题进行讨论判定,优化介入控制的控制方案和算法,实现人机序贯决策中人介入机器场景和机器介入人场景下的决策性能提升。3.针对人机序贯决策中的共享控制问题,提出了基于自主性边界的混合参数优化设计方案,通过自适应调节混合参数大小直接影响最终待执行动作的生成。考虑了人机动作的融合程度,使得最优解在人的动作空间和机器的动作空间所共同张成的扩展空间中出现,为决策质量的提升提供了扩展空间。4.针对介入控制和共享控制中所估计的自主性边界值可能存在单值估计不准确的问题,提出了基于贝叶斯神经网络的不确定性估计办法,获得自主性边界的概率分布信息并用于决策动作生成,利用自主性边界的不确定性优化设计人机混合智能算法,既使得决策动作的优化存在更多选择,也更加符合人们对决策边界的模糊性思考。综上所述,本文面向人机序贯决策对混合智能算法所面临的问题进行了系统性的研究,创新性地提出了对应的解决方案,推动了人机序贯决策求解和混合智能算法的进一步发展。},
  collaborator = {康, 宇 and 赵, 云波},
  langid = {chinese},
  school = {中国科学技术大学},
  keywords = {Arbitration mechanism,Autonomous boundary,Hybrid intelligent algo-rithm,Reinforcement learning,Shared control,Traded control,人机序贯决策,介入控制,仲裁机制,共享控制,强化学习 Human-machine sequential decision-making,混合智能算法,自主性边界},
  file = {D:\论文\Zotero同步\storage\TJEEINRD\面向人机序贯决策的混合智能方法研究_张倩倩.caj}
}

@article{ZhaoQianTanKongZhiZhongDeGongXiangXinXiHeGongXiangZiZhu2021,
  title = {浅谈控制中的共享信息和共享自主},
  author = {赵, 云波 and 康, 宇 and 朱, 进},
  year = {2021},
  month = jul,
  journal = {系统与控制纵横},
  volume = {8},
  number = {1},
  pages = {66--72},
  urldate = {2023-06-08},
  file = {D:\论文\Zotero同步\storage\G7YBRW48\2021-浅谈控制中的共享信息和共享自主.pdf}
}

@misc{ZhongGuoZhiZao2025_ZhongGuoZhengFuWang,
  title = {中国制造2025\_中国政府网},
  urldate = {2023-12-16},
  howpublished = {https://www.gov.cn/zhuanti/2016/MadeinChina2025-plan/},
  file = {D:\论文\Zotero同步\storage\TSWTT2KA\MadeinChina2025-plan.html}
}
